@article{hoffman1969constructions,
  title={Constructions for the solution of the m queens problem},
  author={Hoffman, Eric J and Loessi, JC and Moore, Robert C},
  journal={Mathematics Magazine},
  volume={42},
  number={2},
  pages={66--72},
  year={1969},
  publisher={Taylor \& Francis}
}
@misc{wiki:Eight_queens_puzzle,
   author = "Wikipedia",
   title = "{Eight queens puzzle} --- {W}ikipedia{,} The Free Encyclopedia",
   year = "2021",
   howpublished = {\url{http://en.wikipedia.org/w/index.php?title=Eight\%20queens\%20puzzle&oldid=1050602922}},
   note = "[Online; accessed 14-November-2021]"
 }
 @misc{rouse1960eight,
  title={The Eight Queens problem, in mathematical recreations and essays},
  author={Rouse Ball, WW},
  year={1960},
  publisher={New York: Macmillan}
}
@misc{wiki:Stack_(abstract_data_type),
   author = "Wikipedia",
   title = "{Stack (abstract data type)} --- {W}ikipedia{,} The Free Encyclopedia",
   year = "2021",
   howpublished = {\url{http://en.wikipedia.org/w/index.php?title=Stack\%20(abstract\%20data\%20type)&oldid=1040770714}},
   note = "[Online; accessed 14-November-2021]"
 }
 @misc{gurari1999cis,
  title={CIS 680: Data Structures: Chapter 19: Backtracking Algorithms},
  author={Gurari, Eitan},
  year={1999}
}
@misc{wiki:Backtracking,
   author = "Wikipedia",
   title = "{Backtracking} --- {W}ikipedia{,} The Free Encyclopedia",
   year = "2021",
   howpublished = {\url{http://en.wikipedia.org/w/index.php?title=Backtracking&oldid=1029724906}},
   note = "[Online; accessed 14-November-2021]"
 }
@misc{simkin2021number,
      title={The number of $n$-queens configurations}, 
      author={Michael Simkin},
      year={2021},
      eprint={2107.13460},
      archivePrefix={arXiv},
      primaryClass={math.CO}
}
@article{preusser2017putting,
  title={Putting Queens in Carry Chains, N o 27},
  author={Preu{\ss}er, Thomas B and Engelhardt, Matthias R},
  journal={Journal of Signal Processing Systems},
  volume={88},
  number={2},
  pages={185--201},
  year={2017},
  publisher={Springer}
}









@book{demuth1957electronic,
  title={Electronic data sorting},
  author={Demuth, Howard B},
  year={1957},
  publisher={Stanford University}
}
@article{auger2015merge,
  title={Merge strategies: from merge sort to Timsort},
  author={Auger, Nicolas and Nicaud, Cyril and Pivoteau, Carine},
  journal={URL https://hal-upec-upem. archives-ouvertes. fr/hal-01212839, working paper or preprint},
  year={2015}
}
@book{cormen2009introduction,
  title={Introduction to algorithms},
  author={Cormen, Thomas H and Leiserson, Charles E and Rivest, Ronald L and Stein, Clifford},
  year={2009},
  publisher={MIT press}
}
@inproceedings{ajtai19830,
  title={An 0 (n log n) sorting network},
  author={Ajtai, Mikl{\'o}s and Koml{\'o}s, J{\'a}nos and Szemer{\'e}di, Endre},
  booktitle={Proceedings of the fifteenth annual ACM symposium on Theory of computing},
  pages={1--9},
  year={1983}
}