@misc{wiki:Tree_(data_structure),
   author = "Wikipedia",
   title = "{Tree (data structure)} --- {W}ikipedia{,} The Free Encyclopedia",
   year = "2021",
   howpublished = {\url{http://en.wikipedia.org/w/index.php?title=Tree\%20(data\%20structure)&oldid=1050094959}},
   note = "[Online; accessed 24-November-2021]"
 }
 @misc{wiki:Family_tree,
   author = "Wikipedia",
   title = "{Family tree} --- {W}ikipedia{,} The Free Encyclopedia",
   year = "2021",
   howpublished = {\url{http://en.wikipedia.org/w/index.php?title=Family\%20tree&oldid=1055958815}},
   note = "[Online; accessed 24-November-2021]"
 }
 @article{bayer1972symmetric,
  title={Symmetric binary B-trees: Data structure and maintenance algorithms},
  author={Bayer, Rudolf},
  journal={Acta informatica},
  volume={1},
  number={4},
  pages={290--306},
  year={1972},
  publisher={Springer}
}
@article{sedgewick1983balanced,
  title={Balanced trees},
  author={Sedgewick, Robert},
  journal={Algorithms},
  pages={199},
  year={1983},
  publisher={Addison-Wesley Longman Publishing Co}
}
@article{luo2011organization,
  title={Organization and maintenance of large ordered indices Organization and maintenance of large ordered indices, 1970},
  author={LUO, Min and WATANABE, Akitsugu and YOKOTA, Haruo},
  journal={IEICE transactions on information and systems},
  volume={94},
  number={3},
  pages={587--601},
  year={2011}
}



@book{demuth1957electronic,
  title={Electronic data sorting},
  author={Demuth, Howard B},
  year={1957},
  publisher={Stanford University}
}
@article{auger2015merge,
  title={Merge strategies: from merge sort to Timsort},
  author={Auger, Nicolas and Nicaud, Cyril and Pivoteau, Carine},
  journal={URL https://hal-upec-upem. archives-ouvertes. fr/hal-01212839, working paper or preprint},
  year={2015}
}
@book{cormen2009introduction,
  title={Introduction to algorithms},
  author={Cormen, Thomas H and Leiserson, Charles E and Rivest, Ronald L and Stein, Clifford},
  year={2009},
  publisher={MIT press}
}
@inproceedings{ajtai19830,
  title={An 0 (n log n) sorting network},
  author={Ajtai, Mikl{\'o}s and Koml{\'o}s, J{\'a}nos and Szemer{\'e}di, Endre},
  booktitle={Proceedings of the fifteenth annual ACM symposium on Theory of computing},
  pages={1--9},
  year={1983}
}
@article{o2008terabyte,
  title={Terabyte sort on apache hadoop},
  author={Oâ€™Malley, Owen},
  journal={Yahoo, available online at: http://sortbenchmark. org/Yahoo-Hadoop. pdf,(May)},
  pages={1--3},
  year={2008},
  publisher={Citeseer}
}