@misc{wiki:Maze,
   author = "Wikipedia",
   title = "{Maze} --- {W}ikipedia{,} The Free Encyclopedia",
   year = "2021",
   howpublished = {\url{http://en.wikipedia.org/w/index.php?title=Maze&oldid=1054518904}},
   note = "[Online; accessed 23-November-2021]"
 }
@misc{wiki:Labyrinth,
   author = "Wikipedia",
   title = "{Labyrinth} --- {W}ikipedia{,} The Free Encyclopedia",
   year = "2021",
   howpublished = {\url{http://en.wikipedia.org/w/index.php?title=Labyrinth&oldid=1052688888}},
   note = "[Online; accessed 23-November-2021]"
 }
@misc{wiki:Maze_generation_algorithm,
   author = "Wikipedia",
   title = "{Maze generation algorithm} --- {W}ikipedia{,} The Free Encyclopedia",
   year = "2021",
   howpublished = {\url{http://en.wikipedia.org/w/index.php?title=Maze\%20generation\%20algorithm&oldid=1053220329}},
   note = "[Online; accessed 23-November-2021]"
 }
@inproceedings{wilson1996generating,
  title={Generating random spanning trees more quickly than the cover time},
  author={Wilson, David Bruce},
  booktitle={Proceedings of the twenty-eighth annual ACM symposium on Theory of computing},
  pages={296--303},
  year={1996}
}


@book{demuth1957electronic,
  title={Electronic data sorting},
  author={Demuth, Howard B},
  year={1957},
  publisher={Stanford University}
}
@article{auger2015merge,
  title={Merge strategies: from merge sort to Timsort},
  author={Auger, Nicolas and Nicaud, Cyril and Pivoteau, Carine},
  journal={URL https://hal-upec-upem. archives-ouvertes. fr/hal-01212839, working paper or preprint},
  year={2015}
}
@book{cormen2009introduction,
  title={Introduction to algorithms},
  author={Cormen, Thomas H and Leiserson, Charles E and Rivest, Ronald L and Stein, Clifford},
  year={2009},
  publisher={MIT press}
}
@inproceedings{ajtai19830,
  title={An 0 (n log n) sorting network},
  author={Ajtai, Mikl{\'o}s and Koml{\'o}s, J{\'a}nos and Szemer{\'e}di, Endre},
  booktitle={Proceedings of the fifteenth annual ACM symposium on Theory of computing},
  pages={1--9},
  year={1983}
}
@article{o2008terabyte,
  title={Terabyte sort on apache hadoop},
  author={Oâ€™Malley, Owen},
  journal={Yahoo, available online at: http://sortbenchmark. org/Yahoo-Hadoop. pdf,(May)},
  pages={1--3},
  year={2008},
  publisher={Citeseer}
}