@incollection{de2000more,
  title={More geometric data structures},
  author={de Berg, Mark and van Kreveld, Marc and Overmars, Mark and Schwarzkopf, Otfried Cheong},
  booktitle={Computational Geometry},
  pages={211--233},
  year={2000},
  publisher={Springer}
}
@book{严蔚敏1997数据结构,
  title={数据结构: C 语言版},
  author={严蔚敏 and 吴伟民},
  year={1997},
  publisher={清华大学出版社有限公司}
}
@book{王红梅2005数据结构,
  title={数据结构 (C++ 版)},
  author={王红梅 and 胡明 and 王涛},
  year={2005},
  publisher={清华大学出版社有限公司}
}
@book{brass2008advanced,
  title={Advanced data structures},
  author={Brass, Peter},
  volume={193},
  year={2008},
  publisher={Cambridge University Press Cambridge}
}
@article{林盛华2005线段树在程序设计中的应用,
  title={线段树在程序设计中的应用},
  author={林盛华},
  journal={大众科技},
  number={4},
  pages={68--70},
  year={2005}
}
@phdthesis{范帅军2012浅谈线段树及其变体,
  title={浅谈线段树及其变体},
  author={范帅军 and 张佳},
  year={2012}
}
@misc{wiki:Segment_tree,
   author = "Wikipedia",
   title = "{Segment tree} --- {W}ikipedia{,} The Free Encyclopedia",
   year = "2021",
   howpublished = {\url{http://en.wikipedia.org/w/index.php?title=Segment\%20tree&oldid=1026102888}},
   note = "[Online; accessed 26-November-2021]"
}
@misc{oi:Segment_tree,
   author = "OI wiki",
   title = "线段树",
   year = "2021",
   howpublished = {\url{https://oi-wiki.org/ds/seg/}},
   note = "[Online; accessed 26-November-2021]"
}
@misc{oi:Block_array,
   author = "OI wiki",
   title = "块状数组",
   year = "2021",
   howpublished = {\url{https://oi-wiki.org/ds/block-array/}},
   note = "[Online; accessed 26-November-2021]"
}
@misc{oi:BIT,
   author = "Pecco",
   title = "算法学习笔记(2) : 树状数组",
   year = "2021",
   howpublished = {\url{https://zhuanlan.zhihu.com/p/93795692}},
   note = "[Online; accessed 26-November-2021]"
}
@misc{oi:CT,
   author = "Pecco",
   title = "算法学习笔记(15): 珂朵莉树",
   year = "2021",
   howpublished = {\url{https://zhuanlan.zhihu.com/p/106353082}},
   note = "[Online; accessed 26-November-2021]"
}
@misc{oi:SGT,
   author = "Zkw",
   title = "统计的力量：线段树全接触",
   year = "2021",
   howpublished = {\url{https://artofproblemsolving.com/community/c1368h1020439_}},
   note = "[Online; accessed 26-November-2021]"
}
@misc{oi:MD,
   author = "莫涛",
   title = "莫队算法 (Mo's Algorithm)",
   year = "2021",
   howpublished = {\url{https://zhuanlan.zhihu.com/p/25017840}},
   note = "[Online; accessed 26-November-2021]"
}
@article{bentley1975multidimensional,
  title={Multidimensional binary search trees used for associative searching},
  author={Bentley, Jon Louis},
  journal={Communications of the ACM},
  volume={18},
  number={9},
  pages={509--517},
  year={1975},
  publisher={ACM New York, NY, USA}
}
@article{van1981measure,
  title={The measure problem for rectangular ranges in d-space},
  author={van Leeuwen, Jan and Wood, Derick},
  journal={Journal of Algorithms},
  volume={2},
  number={3},
  pages={282--300},
  year={1981},
  publisher={Elsevier}
}
@article{fischer2011space,
  title={Space-efficient preprocessing schemes for range minimum queries on static arrays},
  author={Fischer, Johannes and Heun, Volker},
  journal={SIAM Journal on Computing},
  volume={40},
  number={2},
  pages={465--492},
  year={2011},
  publisher={SIAM}
}
@incollection{durocher2013simple,
  title={A simple linear-space data structure for constant-time range minimum query},
  author={Durocher, Stephane},
  booktitle={Space-Efficient Data Structures, Streams, and Algorithms},
  pages={48--60},
  year={2013},
  publisher={Springer}
}
@inproceedings{liu2020lower,
  title={Lower bound for succinct range minimum query},
  author={Liu, Mingmou and Yu, Huacheng},
  booktitle={Proceedings of the 52nd Annual ACM SIGACT Symposium on Theory of Computing},
  pages={1402--1415},
  year={2020}
}