@article{stearns1969property,
  title={Property grammars and table machines},
  author={Stearns, Richard Edwin and Lewis, PM},
  journal={Information and Control},
  volume={14},
  number={6},
  pages={524--549},
  year={1969},
  publisher={Elsevier}
}
@misc{wiki:Canonical_LR_parser,
   author = "Wikipedia",
   title = "{Canonical LR parser} --- {W}ikipedia{,} The Free Encyclopedia",
   year = "2021",
   howpublished = {\url{http://en.wikipedia.org/w/index.php?title=Canonical\%20LR\%20parser&oldid=1055506970}},
   note = "[Online; accessed 24-November-2021]"
}
@misc{wiki:Reverse_Polish_notation,
   author = "Wikipedia",
   title = "{Reverse Polish notation} --- {W}ikipedia{,} The Free Encyclopedia",
   year = "2021",
   howpublished = {\url{http://en.wikipedia.org/w/index.php?title=Reverse\%20Polish\%20notation&oldid=1056063506}},
   note = "[Online; accessed 24-November-2021]"
}
@misc{wiki:Backus–Naur_form,
   author = "Wikipedia",
   title = "{Backus–Naur form} --- {W}ikipedia{,} The Free Encyclopedia",
   year = "2021",
   howpublished = {\url{http://en.wikipedia.org/w/index.php?title=Backus\%E2\%80\%93Naur\%20form&oldid=1049944895}},
   note = "[Online; accessed 24-November-2021]"
}
@article{aaby2003compiler,
  title={Compiler construction using flex and bison},
  author={Aaby, Anthony A},
  journal={Walla Walla College},
  year={2003}
}

@book{demuth1957electronic,
  title={Electronic data sorting},
  author={Demuth, Howard B},
  year={1957},
  publisher={Stanford University}
}
@article{auger2015merge,
  title={Merge strategies: from merge sort to Timsort},
  author={Auger, Nicolas and Nicaud, Cyril and Pivoteau, Carine},
  journal={URL https://hal-upec-upem. archives-ouvertes. fr/hal-01212839, working paper or preprint},
  year={2015}
}
@book{cormen2009introduction,
  title={Introduction to algorithms},
  author={Cormen, Thomas H and Leiserson, Charles E and Rivest, Ronald L and Stein, Clifford},
  year={2009},
  publisher={MIT press}
}
@inproceedings{ajtai19830,
  title={An 0 (n log n) sorting network},
  author={Ajtai, Mikl{\'o}s and Koml{\'o}s, J{\'a}nos and Szemer{\'e}di, Endre},
  booktitle={Proceedings of the fifteenth annual ACM symposium on Theory of computing},
  pages={1--9},
  year={1983}
}
@article{o2008terabyte,
  title={Terabyte sort on apache hadoop},
  author={O’Malley, Owen},
  journal={Yahoo, available online at: http://sortbenchmark. org/Yahoo-Hadoop. pdf,(May)},
  pages={1--3},
  year={2008},
  publisher={Citeseer}
}