@misc{wiki:String-searching_algorithm,
   author = "Wikipedia",
   title = "{String-searching algorithm} --- {W}ikipedia{,} The Free Encyclopedia",
   year = "2021",
   howpublished = {\url{http://en.wikipedia.org/w/index.php?title=String-searching\%20algorithm&oldid=1054570177}},
   note = "[Online; accessed 14-November-2021]"
 }
 @misc{github:prefix,
   author = "GaurangTandon",
   title = "Prefix function. Knuth–Morris–Pratt algorithm",
   year = "2021",
   howpublished = {\url{https://github.com/e-maxx-eng/e-maxx-eng/blob/master/src/string/prefix-function.md}},
   note = "[Online; accessed 14-November-2021]"
 }





@book{demuth1957electronic,
  title={Electronic data sorting},
  author={Demuth, Howard B},
  year={1957},
  publisher={Stanford University}
}
@article{auger2015merge,
  title={Merge strategies: from merge sort to Timsort},
  author={Auger, Nicolas and Nicaud, Cyril and Pivoteau, Carine},
  journal={URL https://hal-upec-upem. archives-ouvertes. fr/hal-01212839, working paper or preprint},
  year={2015}
}
@book{cormen2009introduction,
  title={Introduction to algorithms},
  author={Cormen, Thomas H and Leiserson, Charles E and Rivest, Ronald L and Stein, Clifford},
  year={2009},
  publisher={MIT press}
}
@inproceedings{ajtai19830,
  title={An 0 (n log n) sorting network},
  author={Ajtai, Mikl{\'o}s and Koml{\'o}s, J{\'a}nos and Szemer{\'e}di, Endre},
  booktitle={Proceedings of the fifteenth annual ACM symposium on Theory of computing},
  pages={1--9},
  year={1983}
}