@misc{wiki:Josephus_problem,
   author = "Wikipedia",
   title = "{Josephus problem} --- {W}ikipedia{,} The Free Encyclopedia",
   year = "2021",
   howpublished = {\url{http://en.wikipedia.org/w/index.php?title=Josephus\%20problem&oldid=1054365893}},
   note = "[Online; accessed 23-November-2021]"
 }
@article{newman1988world,
  title={The World of Mathematics, 4 vols. Redmond, Wash},
  author={Newman, JR},
  journal={Tempus},
  year={1988}
}
@article{robinson19602876,
  title={2876. The Josephus problem},
  author={Robinson, WJ},
  journal={The Mathematical Gazette},
  volume={44},
  number={347},
  pages={47--52},
  year={1960},
  publisher={JSTOR}
}



@misc{wiki:Linked_list,
   author = "Wikipedia",
   title = "{Linked list} --- {W}ikipedia{,} The Free Encyclopedia",
   year = "2021",
   howpublished = {\url{http://en.wikipedia.org/w/index.php?title=Linked\%20list&oldid=1051342540}},
   note = "[Online; accessed 16-November-2021]"
 }
@book{bach1986design,
  title={The design of the UNIX operating system},
  author={Bach, Maurice J and others},
  volume={1},
  number={2},
  year={1986},
  publisher={Prentice-Hall Englewood Cliffs}
}
@inproceedings{bayer1970textordfeminineorganization,
  title={{\textordfeminine}Organization and Maintenance of Large Ordered Indices},
  author={Bayer, R and McCreight, E},
  booktitle={{\textordmasculine} Proc. 1970 ACM-SIGFIDENT Workshop Data Description and Access},
  pages={107--141},
  year={1970}
}
@article{lewin2012all,
  title={All about XOR},
  author={LEWIN, FEATURE MICHAEL},
  journal={For details of ACCU, our publications and activities, visit the ACCU website: www. accu. org},
  pages={14},
  year={2012}
}



@book{demuth1957electronic,
  title={Electronic data sorting},
  author={Demuth, Howard B},
  year={1957},
  publisher={Stanford University}
}
@article{auger2015merge,
  title={Merge strategies: from merge sort to Timsort},
  author={Auger, Nicolas and Nicaud, Cyril and Pivoteau, Carine},
  journal={URL https://hal-upec-upem. archives-ouvertes. fr/hal-01212839, working paper or preprint},
  year={2015}
}
@book{cormen2009introduction,
  title={Introduction to algorithms},
  author={Cormen, Thomas H and Leiserson, Charles E and Rivest, Ronald L and Stein, Clifford},
  year={2009},
  publisher={MIT press}
}
@inproceedings{ajtai19830,
  title={An 0 (n log n) sorting network},
  author={Ajtai, Mikl{\'o}s and Koml{\'o}s, J{\'a}nos and Szemer{\'e}di, Endre},
  booktitle={Proceedings of the fifteenth annual ACM symposium on Theory of computing},
  pages={1--9},
  year={1983}
}